<?xml version="1.0" encoding="UTF-8"?><collection xmlns="http://www.loc.gov/MARC21/slim"><record><leader>00463nam--2200169-i-4500</leader><controlfield tag="001">000013142</controlfield><controlfield tag="002">20161230</controlfield><controlfield tag="005">20170115220340</controlfield><controlfield tag="008">060222s1000------------r-----000-0-eng-d</controlfield><datafield ind1=" " ind2=" " tag="080"><subfield code="a">577.352.33:577.352.4(06L.3)</subfield></datafield><datafield ind1=" " ind2=" " tag="245"><subfield code="a">Biochemistry of membrane transport. Febs-symposium</subfield></datafield><datafield ind1=" " ind2=" " tag="260"><subfield code="a">Berlin</subfield><subfield code="b">Springer-Verlag</subfield><subfield code="c">1977</subfield></datafield><datafield ind1=" " ind2=" " tag="300"><subfield code="a">669 p</subfield></datafield><datafield ind1=" " ind2=" " tag="490"><subfield code="a">Proceeding In Hife Sciences</subfield></datafield><datafield ind1=" " ind2=" " tag="700"><subfield code="a">Carafoli, Elie</subfield></datafield><datafield ind1=" " ind2=" " tag="852"><subfield code="a">47437</subfield></datafield><datafield ind1=" " ind2=" " tag="CAT"><subfield code="a">SYS</subfield><subfield code="c">20170115</subfield><subfield code="h">220340</subfield></datafield></record></collection>